<?xml version="1.0" encoding="UTF-8"?><record xmlns="http://www.loc.gov/MARC21/slim" xmlns:cinclude="http://apache.org/cocoon/include/1.0" xmlns:zs="http://www.loc.gov/zing/srw/">
  <leader>00481nz  a2200145n  4500</leader>
  <controlfield tag="001">nb 99181789 </controlfield>
  <controlfield tag="003">DLC</controlfield>
  <controlfield tag="005">20010724063113.0</controlfield>
  <controlfield tag="008">001124n| acannaabn          |n aaa      </controlfield>
  <datafield tag="010" ind1=" " ind2=" ">
    <subfield code="a">nb 99181789 </subfield>
  </datafield>
  <datafield tag="040" ind1=" " ind2=" ">
    <subfield code="a">Uk</subfield>
    <subfield code="b">eng</subfield>
    <subfield code="c">Uk</subfield>
  </datafield>
  <datafield tag="100" ind1="1" ind2="0">
    <subfield code="a">Quigley, Tom</subfield>
  </datafield>
  <datafield tag="667" ind1=" " ind2=" ">
    <subfield code="a">Data provided by Trinity Coll. Dublin</subfield>
  </datafield>
  <datafield tag="670" ind1=" " ind2=" ">
    <subfield code="a">Report of the Working Group on Qualifications for Appointments as Judges of the High and Supreme Courts, 1999</subfield>
  </datafield>
  <datafield tag="670" ind1=" " ind2=" ">
    <subfield code="a">Trinity Coll. Dublin, 24 Nov. 2000</subfield>
    <subfield code="b">(Tom Quigley)</subfield>
  </datafield>
</record>